<?xml version="1.0" encoding="utf-8"?>
<record xmlns="http://www.loc.gov/MARC21/slim" xmlns:xsi="http://www.w3.org/2001/XMLSchema-instance" xsi:schemaLocation="http://www.loc.gov/MARC21/slim http://www.loc.gov/standards/marcxml/schema/MARC21slim.xsd">
	<leader>     nam a22        4500</leader>
	<controlfield tag="001">b12947453</controlfield>
	<controlfield tag="003">UaCaAUL</controlfield>
	<controlfield tag="006">m        d        </controlfield>
	<controlfield tag="007">cr cn |||m|||a</controlfield>
	<controlfield tag="008">170926s1946    ua      ob    000 0 ara d</controlfield>
	<datafield ind1=" " ind2=" " tag="040">
		<subfield code="a">NNU</subfield>
		<subfield code="b">eng</subfield>
		<subfield code="e">rda</subfield>
		<subfield code="c">NNU</subfield>
	</datafield>
	<datafield ind1=" " ind2="4" tag="050">
		<subfield code="a">B945.J23</subfield>
		<subfield code="b">.W31 1946</subfield>
	</datafield>
	<datafield ind1="1" ind2=" " tag="100">
		<subfield code="6">880-01</subfield>
		<subfield code="a">James, William,</subfield>
		<subfield code="e">author.</subfield>
	</datafield>
	<datafield ind1="1" ind2="0" tag="245">
		<subfield code="6">880-02</subfield>
		<subfield code="a">Irādat al-iʻtiqād /</subfield>
		<subfield code="c">li-Wilyam Chams =</subfield>
		<subfield code="b">The will to beleive / by William James ; tarjamahu al-Duktūr Maḥmūd Ḥubb Allāh duktūr fī al-falsafah min Jāmiʻat Landan, ustādh al-falsafah wa-ʻilm al-nafs bi-Kullīyat Uṣūl al-Dīn wa-ʻuḍw al-Jamʻīyah al-Falsafīyah al-Miṣrīyah.</subfield>
	</datafield>
	<datafield ind1="3" ind2="1" tag="246">
		<subfield code="a">Will to beleive</subfield>
	</datafield>
	<datafield ind1=" " ind2="1" tag="264">
		<subfield code="6">880-03</subfield>
		<subfield code="a">[al-Qāhirah] :</subfield>
		<subfield code="b">Dār Iḥyāʼ al-Kutub al-ʻArabīyah, ʻīsá al-Bābī al-Ḥalabī wa-shurakāh,</subfield>
		<subfield code="c">1365 H., 1946 M.</subfield>
	</datafield>
	<datafield ind1=" " ind2=" " tag="300">
		<subfield code="a">online resource (142 pages)</subfield>
	</datafield>
	<datafield ind1=" " ind2=" " tag="336">
		<subfield code="a">text</subfield>
		<subfield code="2">rdacontent</subfield>
	</datafield>
	<datafield ind1=" " ind2=" " tag="337">
		<subfield code="a">computer</subfield>
		<subfield code="2">rdamedia</subfield>
	</datafield>
	<datafield ind1=" " ind2=" " tag="338">
		<subfield code="a">online resource</subfield>
		<subfield code="2">rdacarrier</subfield>
	</datafield>
	<datafield ind1="1" ind2=" " tag="490">
		<subfield code="6">880-04</subfield>
		<subfield code="a">Muʼallafāt al-jamʻīyah al-falsafīyah al-Miṣrīyah</subfield>
	</datafield>
	<datafield ind1=" " ind2=" " tag="500">
		<subfield code="6">880-05</subfield>
		<subfield code="a">At head of title: Muʼallafāt al-jamʻīyah al-falsafīyah al-Miṣrīyah, yushrifu ʻalá iṣdārihā : al-Duktūr Manṣūr Fahmī Bāshā Raʼīs al-Jamʻīyah, wa-al-Duktūr ʻAlī ʻAbd al-Wāḥid Wāfī wakīluhā.</subfield>
	</datafield>
	<datafield ind1=" " ind2=" " tag="500">
		<subfield code="6">880-06</subfield>
		<subfield code="a">Multazimū al-ṭabʻ wa-al-nashr Dār Iḥyāʼ al-Kutub al-ʻArabīyah, ʻīsá al-Bābī al-Ḥalabī wa-shurakāh.</subfield>
	</datafield>
	<datafield ind1=" " ind2=" " tag="500">
		<subfield code="a">Includes errata.</subfield>
	</datafield>
	<datafield ind1=" " ind2=" " tag="500">
		<subfield code="a">Part of the Arabic Collections Online (ACO) project, contributed by American University in Cairo Library.</subfield>
	</datafield>
	<datafield ind1=" " ind2=" " tag="504">
		<subfield code="a">Includes bibliographical references.</subfield>
	</datafield>
	<datafield ind1=" " ind2=" " tag="533">
		<subfield code="a">Electronic reproduction.</subfield>
		<subfield code="b">New York, N.Y. :</subfield>
		<subfield code="c">New York University,</subfield>
		<subfield code="d">2017.</subfield>
		<subfield code="5">NNU</subfield>
	</datafield>
	<datafield ind1=" " ind2="0" tag="650">
		<subfield code="a">Philosophy.</subfield>
	</datafield>
	<datafield ind1=" " ind2="0" tag="650">
		<subfield code="a">Belief and doubt.</subfield>
	</datafield>
	<datafield ind1=" " ind2="7" tag="650">
		<subfield code="a">Belief and doubt.</subfield>
		<subfield code="2">fast</subfield>
		<subfield code="0">(OCoLC)fst00830124</subfield>
	</datafield>
	<datafield ind1=" " ind2="7" tag="650">
		<subfield code="a">Philosophy.</subfield>
		<subfield code="2">fast</subfield>
		<subfield code="0">(OCoLC)fst01060777</subfield>
	</datafield>
	<datafield ind1="1" ind2=" " tag="700">
		<subfield code="6">880-07</subfield>
		<subfield code="a">Ḥubb Allāh, Maḥmūd,</subfield>
		<subfield code="e">translator.</subfield>
	</datafield>
	<datafield ind1="2" ind2=" " tag="710">
		<subfield code="a">American University in Cairo.</subfield>
		<subfield code="b">Library.</subfield>
	</datafield>
	<datafield ind1="0" ind2=" " tag="730">
		<subfield code="a">Arabic Collections Online.</subfield>
	</datafield>
	<datafield ind1="0" ind2="8" tag="776">
		<subfield code="i">Print version:</subfield>
		<subfield code="a">James, William, author.</subfield>
		<subfield code="t">Irādat al-iʻtiqād</subfield>
		<subfield code="w">(UaCaAUL)b12947453</subfield>
		<subfield code="w">(OCoLC)122797082</subfield>
	</datafield>
	<datafield ind1=" " ind2="0" tag="830">
		<subfield code="6">880-08</subfield>
		<subfield code="a">Muʼallafāt al-Jamʻīyah al-Falsafīyah al-Miṣrīyah.</subfield>
	</datafield>
	<datafield ind1="4" ind2="0" tag="856">
		<subfield code="u">http://hdl.handle.net/2333.1/m0cfxvh0</subfield>
	</datafield>
	<datafield ind1="1" ind2=" " tag="880">
		<subfield code="6">100-01/r</subfield>
		<subfield code="a">جمس، وليم،‪‪</subfield>
		<subfield code="e">author.</subfield>
	</datafield>
	<datafield ind1="1" ind2="0" tag="880">
		<subfield code="6">245-02/r</subfield>
		<subfield code="a">إرادة الاعتقاد /‪‪</subfield>
		<subfield code="c">لوليم چمس ؛ ترجمه الدكتور محمود حب الله دكتور في الفلسفة من جامعة لندن، أستاذ الفلسفة وعلم النفس بكلية أصول الدين وعضو الجمعية الفلسفية المصرية.‪‪</subfield>
	</datafield>
	<datafield ind1=" " ind2="1" tag="880">
		<subfield code="6">264-03/r</subfield>
		<subfield code="a">[القاهرة] :‪‪</subfield>
		<subfield code="b">دار إحياء الكتب العربية، عيسى البابي الحلبي وشركاه،‪‪</subfield>
		<subfield code="c">1365 ه.، 1946 م.‪‪</subfield>
	</datafield>
	<datafield ind1="1" ind2=" " tag="880">
		<subfield code="6">490-04/r</subfield>
		<subfield code="a">مؤلفات الجمعية الفلسفية المصرية‪‪</subfield>
	</datafield>
	<datafield ind1=" " ind2=" " tag="880">
		<subfield code="6">500-05/r</subfield>
		<subfield code="a">At head of title: مؤلفات الجمعية الفلسفية المصرية، يشرف على إصدارها : الدكتور منصور فهمي باشا رئيس الجمعية، والدكتور علي عبد الواحد وافي وكيلها.‪‪</subfield>
	</datafield>
	<datafield ind1=" " ind2=" " tag="880">
		<subfield code="6">500-06/r</subfield>
		<subfield code="a">ملتزموا الطبع والنشر دار إحياء الكتب العربية، عيسى البابي الحلبي وشركاه.‪‪</subfield>
	</datafield>
	<datafield ind1="1" ind2=" " tag="880">
		<subfield code="6">700-07/r</subfield>
		<subfield code="a">حب الله، محمود،‪‪</subfield>
		<subfield code="e">translator.</subfield>
	</datafield>
	<datafield ind1=" " ind2="0" tag="880">
		<subfield code="6">830-08/r</subfield>
		<subfield code="a">مؤلفات الجمعية الفلسفية المصرية.‪‪</subfield>
	</datafield>
	<datafield ind1=" " ind2=" " tag="959">
		<subfield code="a">NNU</subfield>
		<subfield code="b">WEB</subfield>
		<subfield code="c">GENI</subfield>
		<subfield code="t">0</subfield>
		<subfield code="m">Electronic access</subfield>
		<subfield code="s">01</subfield>
	</datafield>
	<datafield ind1=" " ind2=" " tag="999">
		<subfield code="i">UaCaAUL_b12947453</subfield>
		<subfield code="o">(OCoLC)ocn122797082</subfield>
		<subfield code="s">auc_aco000081</subfield>
		<subfield code="e">(ERROR-880)</subfield>
		<subfield code="s">auc_aco000081</subfield>
	</datafield>
</record>
